@Misc{	jaudiotagger,
	author = {Unknown},
	title = {Jaudiotagger},
	howpublished = {Webseite},
	note = {\url{http://www.jthink.net/jaudiotagger/} besucht am 04.05.2014}
}

@Misc{	lucene1,
	author = {Unknown},
	title = {Lucene Intro},
	howpublished = {Webseite},
	note = {\url{https://today.java.net/pub/a/today/2003/07/30/LuceneIntro.html} besucht am 04.05.2014}
}

@Misc{	tika,
	author = {Unknown},
	title = {Apache Tika},
	howpublished = {Webseite},
	note = {\url{http://tika.apache.org/} besucht am 07.05.2014}
}

@Misc{	id31,
	author = {Diverse},
	title = {ID3-Tag},
	howpublished = {Webseite},
	note = {\url{http://de.wikipedia.org/wiki/ID3-Tag} besucht am 07.05.2014}
}

@Misc{	id32,
	author = {Unknown},
	title = {ID3v2},
	howpublished = {Webseite},
	note = {\url{http://www.id3.org} besucht am 07.05.2014}
}

@Misc{	anut,
	author = {flaviomartins},
	title = {AnalyzerUtils.java},
	howpublished = {Webseite},
	note = {\url{https://github.com/behas/lucene-skos/blob/master/src/test/java/at/ac/univie/mminf/luceneSKOS/util/AnalyzerUtils.java} besucht am 07.05.2014}
}

@Misc{	netzwertig,
	author = {Martin Weigert},
	title = {Shazam hat mehr als 400 Millionen Nutzer},
	howpublished = {Webseite},
	note = {\url{http://netzwertig.com/2013/12/09/musikalischer-riese-shazam-hat-mehr-als-400-millionen-nutzer/} besucht am 09.05.2014}
}

@Misc{	scinexx1,
	author = {Edda Schlager},
	title = {Kampf der namenlosen Ohrwürmer},
	howpublished = {Webseite},
	note = {\url{http://www.scinexx.de/dossier-detail-341-11.html} besucht am 09.05.2014}
}

@Misc{	fingerabdruck,
	author = {Diverse},
	title = {Akustischer Fingerabdruck},
	howpublished = {Webseite},
	note = {\url{http://de.wikipedia.org/wiki/Akustischer_Fingerabdruck} besucht am 09.05.2014}
}

@Misc{	scinexx2,
	author = {Fraunhfer-Gesellschaft},
	title = {"Akustischer Fingerabdruck" verrät Musiktitel},
	howpublished = {Webseite},
	note = {\url{http://www.scinexx.de/wissen-aktuell-1802-2004-10-26.html} besucht am 09.05.2014}
}

@Misc{	shazam1,
	author = {Diverse},
	title = {Shazam (Dienst)},
	howpublished = {Webseite},
	note = {\url{http://de.wikipedia.org/wiki/Shazam_(Dienst)} besucht am 09.05.2014}
}

@Misc{	mp3,
	author = {Diverse},
	title = {MP3},
	howpublished = {Webseite},
	note = {\url{http://de.wikipedia.org/wiki/MP3} besucht am 09.05.2014}
}

@Misc{	query,
	author = {Diverse},
	title = {Query},
	howpublished = {Webseite},
	note = {\url{http://de.wikipedia.org/wiki/Query} besucht am 09.05.2014}
}

@Book{	modinf,
	author = {Ricardo Baeza-Yates, Berthier Ribeiro-Neto},
	title = {Modern Information Retrieval - the concepts and technology behind search},
	publisher = {Addison Wesley},
	year = {2011}
}

@Book{	lucene2,
	author = {Erik Hatcher, Otis Gospodnetic, Mike McCandless},
	title = {Lucene in Action},
	publisher = {Manning},
	year = {2010}
}
